@misc{VWP18,
    title = {VeChain development plan and whitepaper},
    year = 2018,
    howpublished = {\url{https://cdn.vechain.com/vechainthor_development_plan_and_whitepaper_en_v1.0.pdf}}
}

@misc{Sat08,
    author = {N. Satoshi},
    title = {Bitcoin: A Peer-to-Peer Electronic Cash System},
    year = 2008,
    howpublished = {\url{https://bitcoin.org/bitcoin.pdf}}
}

@article{PapEtAl99,
    author = {D. Papadopoulos and D. Wessels and S. Huque and M. Naor and J. Vcelak and L. Reyzin and S. Goldberg},
    title = {Making {NSEC5} practical for {DNSSEC}},
    journal = {IACR ePrint},
    year = 1999,
    note = {\url{https://eprint.iacr.org/2017/099.pdf}}
}